%%%%%%%%%%%%%%%%%%%%%%%%%%%%%%%%%%%%%%%%%%%%%%%%%%%%%%%%%%%%%%%%%%%%%%%%%%%%%%%%
% BIBLIOGRAFÍA                                                                 %
%                                                                              %
% Objetivo: Recopilar las referencias a información utilizadas y/o algunas     %
%           otras que puedan resultar interesantes                             %
%%%%%%%%%%%%%%%%%%%%%%%%%%%%%%%%%%%%%%%%%%%%%%%%%%%%%%%%%%%%%%%%%%%%%%%%%%%%%%%%
@Book{ErlangBook,
  author = {Joe Armstrong and Mike Williams and Robert Virding},
  title = {Concurrent Programming in Erlang},
  edition = {2},
  publisher = {Prentice Hall},
  year = {1993}
}
@Misc{ErlangWebBook,
  language = {galician},
  author = {Fred Hébert},
  title = {Learn You Some Erlang for Great Good!},
  url = {https://learnyousomeerlang.com/},
  year = 2013,
  note = {\dataacceso{} \today}
}

@Misc{CNMC,
  author = {Comisión Nacional de los Mercados y la Competencia},
  title = {Dos de cada tres hogares que consumen contenidos audiovisuales online de pago usan más de una plataforma},
  url = {https://www.cnmc.es/prensa/panel-hogares-audiovisual-20231215},
  year = 2023,
}

@Misc{Streaming2023,
  author = {Barlovento Comunicación},
  title = {Análisis sobre la evolución de OTTs en acceso población},
  url = {https://barloventocomunicacion.es/barometrotv-ott/analisis-sobre-la-evolucion-de-otts-en-acceso-poblacion/},
  year = 2023,
}

@Misc{Streaming2024,
  author = {Barlovento Comunicación},
  title = {6ª OLA JUNIO 2024 BARÓMETRO OTT - MULTIDISPOSITIVO},
  url = {https://barloventocomunicacion.es/barometrotv-ott/6a-ola-junio-2024-barometro-ott-multidispositivo/},
  year = 2024,
}